@article{El,
  title={Simulation of an {I}{T}{S} Crash prevention technology at a no-passing zone site},
  author={Khoury, J. E., and Hobeika, A},
  journal={Journal of Intelligent Transportation Systems: Technology, Planning, and Operations},
  volume={10(2)},
  number={75},
  year={2006},
}

@article{Soria,
  title={ASSESSMENT OF CAR-FOLLOWING MODELS USING FIELD DATA},
  author={Soria, Irene S.},
  journal={University of Florida},
  year={2010},
  howpublished={\url{http://ufdc.ufl.edu/UFE0041784/00001}},
}

@article{hdm,
  title={HIGHWAY DESIGN MANUAL},
  author={California Department of Transportation},
  year={2018},
  howpublished={\url{http://www.dot.ca.gov/design/manuals/hdm/chp0200.pdf}},
}

@misc{dkan,
  title={Future of Urban Mobility: Applications of Intelligent Transportation Systems ({I}{T}{S}) and Connected and Automated Vehicles ({C}{A}{V})},
  author={Kan, David},
  Institution = {University of California, Berkeley},
  Howpublished = {UC Berkeley Guest Lecture},
  year={2019},
}

@misc{askabardonis,
  title={Ramp Metering Example: System-wide Pretimed Metering},
  author={Skabardonis, Alexander},
  Institution = {University of California, Berkeley},
  Howpublished = {UC Berkeley Lecture CE 253},
  year={2019},
}